<record><leader>00000cas a2200000 a 4500</leader><controlfield tag="001">1640405</controlfield><controlfield tag="008">750920c196u9999nyumr ne      0    0eng d</controlfield><datafield ind1=" " ind2=" " tag="010"><subfield code="a">sn2007059027</subfield><subfield code="z">sn2003060316</subfield></datafield><datafield ind1=" " ind2=" " tag="040"><subfield code="a">MUL</subfield><subfield code="b">eng</subfield><subfield code="c">MUL</subfield><subfield code="d">OCL</subfield><subfield code="d">NYS</subfield><subfield code="d">OCLCQ</subfield><subfield code="d">DLC</subfield><subfield code="d">OCLCQ</subfield><subfield code="d">OCLCO</subfield><subfield code="d">OCLCF</subfield></datafield><datafield ind1=" " ind2=" " tag="042"><subfield code="a">msc</subfield></datafield><datafield ind1=" " ind2=" " tag="043"><subfield code="a">n-us-ny</subfield></datafield><datafield ind1="0" ind2="4" tag="245"><subfield code="a">The New advocate.</subfield></datafield><datafield ind1=" " ind2=" " tag="260"><subfield code="a">Staten Island, N.Y. :</subfield><subfield code="b">Staten Island Youth for Conservatism Club</subfield></datafield><datafield ind1=" " ind2=" " tag="300"><subfield code="a">v. :</subfield><subfield code="b">ill.</subfield></datafield><datafield ind1=" " ind2=" " tag="310"><subfield code="a">Monthly</subfield></datafield><datafield ind1=" " ind2=" " tag="500"><subfield code="a">"Staten Island's only conservative voice in print."</subfield></datafield><datafield ind1=" " ind2=" " tag="530"><subfield code="a">Available on microfilm from UMI (Underground Newspaper/Press Collection).</subfield></datafield><datafield ind1=" " ind2=" " tag="588"><subfield code="a">Description based on: Vol. 4, no. 3 (Apr. 1969); title from cover.</subfield></datafield><datafield ind1=" " ind2="0" tag="650"><subfield code="a">Conservatism</subfield><subfield code="z">New York (State)</subfield><subfield code="z">New York</subfield><subfield code="v">Newspapers.</subfield></datafield><datafield ind1=" " ind2="0" tag="651"><subfield code="a">Staten Island (New York, N.Y.)</subfield><subfield code="v">Newspapers.</subfield></datafield><datafield ind1=" " ind2="0" tag="651"><subfield code="a">Richmond County (N.Y.)</subfield><subfield code="v">Newspapers.</subfield></datafield><datafield ind1=" " ind2="7" tag="655"><subfield code="a">Newspapers.</subfield><subfield code="2">fast</subfield><subfield code="0">(OCoLC)fst01423814</subfield></datafield><datafield ind1=" " ind2="7" tag="650"><subfield code="a">Conservatism.</subfield><subfield code="2">fast</subfield><subfield code="0">(OCoLC)fst00875582</subfield></datafield><datafield ind1=" " ind2="7" tag="651"><subfield code="a">New York (State)</subfield><subfield code="z">New York.</subfield><subfield code="2">fast</subfield><subfield code="0">(OCoLC)fst01204333</subfield></datafield><datafield ind1=" " ind2="7" tag="651"><subfield code="a">New York (State)</subfield><subfield code="z">New York</subfield><subfield code="z">Staten Island.</subfield><subfield code="2">fast</subfield><subfield code="0">(OCoLC)fst01312784</subfield></datafield><datafield ind1=" " ind2="7" tag="651"><subfield code="a">New York (State)</subfield><subfield code="z">Richmond County.</subfield><subfield code="2">fast</subfield><subfield code="0">(OCoLC)fst01246820</subfield></datafield><datafield ind1="2" ind2=" " tag="710"><subfield code="a">Staten Island Youth for Conservatism.</subfield></datafield><datafield ind1=" " ind2=" " tag="752"><subfield code="a">United States</subfield><subfield code="b">New York</subfield><subfield code="c">Richmond</subfield><subfield code="d">Staten Island.</subfield></datafield></record>